%YAML 1.1
%TAG !u! tag:unity3d.com,2011:
--- !u!1 &543766687666981411
GameObject:
  m_ObjectHideFlags: 0
  m_CorrespondingSourceObject: {fileID: 0}
  m_PrefabInstance: {fileID: 0}
  m_PrefabAsset: {fileID: 0}
  serializedVersion: 6
  m_Component:
  - component: {fileID: 2633438670508556813}
  m_Layer: 0
  m_Name: Level02 1
  m_TagString: Untagged
  m_Icon: {fileID: 0}
  m_NavMeshLayer: 0
  m_StaticEditorFlags: 0
  m_IsActive: 1
--- !u!4 &2633438670508556813
Transform:
  m_ObjectHideFlags: 0
  m_CorrespondingSourceObject: {fileID: 0}
  m_PrefabInstance: {fileID: 0}
  m_PrefabAsset: {fileID: 0}
  m_GameObject: {fileID: 543766687666981411}
  m_LocalRotation: {x: 0, y: 0, z: 0, w: 1}
  m_LocalPosition: {x: 0, y: 0, z: 0}
  m_LocalScale: {x: 1, y: 1, z: 1}
  m_Children:
  - {fileID: 6156508037449153296}
  - {fileID: 6156508039289288117}
  - {fileID: 6156508038523569208}
  - {fileID: 6156508038872915634}
  - {fileID: 6156508038385803402}
  - {fileID: 6156508038957297191}
  - {fileID: 6156508038732745032}
  - {fileID: 6156508038715526626}
  - {fileID: 6156508038741514285}
  m_Father: {fileID: 0}
  m_RootOrder: 0
  m_LocalEulerAnglesHint: {x: 0, y: 0, z: 0}
--- !u!1001 &6156508037448742028
PrefabInstance:
  m_ObjectHideFlags: 0
  serializedVersion: 2
  m_Modification:
    m_TransformParent: {fileID: 2633438670508556813}
    m_Modifications:
    - target: {fileID: 136492, guid: 39e8becccde27ff49a98c5e6ed0a8b6b, type: 3}
      propertyPath: m_Name
      value: SM_Bld_BridgeCover_01
      objectReference: {fileID: 0}
    - target: {fileID: 413596, guid: 39e8becccde27ff49a98c5e6ed0a8b6b, type: 3}
      propertyPath: m_LocalPosition.x
      value: -14
      objectReference: {fileID: 0}
    - target: {fileID: 413596, guid: 39e8becccde27ff49a98c5e6ed0a8b6b, type: 3}
      propertyPath: m_LocalPosition.y
      value: 0
      objectReference: {fileID: 0}
    - target: {fileID: 413596, guid: 39e8becccde27ff49a98c5e6ed0a8b6b, type: 3}
      propertyPath: m_LocalPosition.z
      value: 9.9
      objectReference: {fileID: 0}
    - target: {fileID: 413596, guid: 39e8becccde27ff49a98c5e6ed0a8b6b, type: 3}
      propertyPath: m_LocalRotation.x
      value: -0
      objectReference: {fileID: 0}
    - target: {fileID: 413596, guid: 39e8becccde27ff49a98c5e6ed0a8b6b, type: 3}
      propertyPath: m_LocalRotation.y
      value: -0.5594018
      objectReference: {fileID: 0}
    - target: {fileID: 413596, guid: 39e8becccde27ff49a98c5e6ed0a8b6b, type: 3}
      propertyPath: m_LocalRotation.z
      value: -0
      objectReference: {fileID: 0}
    - target: {fileID: 413596, guid: 39e8becccde27ff49a98c5e6ed0a8b6b, type: 3}
      propertyPath: m_LocalRotation.w
      value: 0.82889664
      objectReference: {fileID: 0}
    - target: {fileID: 413596, guid: 39e8becccde27ff49a98c5e6ed0a8b6b, type: 3}
      propertyPath: m_RootOrder
      value: 0
      objectReference: {fileID: 0}
    - target: {fileID: 413596, guid: 39e8becccde27ff49a98c5e6ed0a8b6b, type: 3}
      propertyPath: m_LocalEulerAnglesHint.x
      value: 0
      objectReference: {fileID: 0}
    - target: {fileID: 413596, guid: 39e8becccde27ff49a98c5e6ed0a8b6b, type: 3}
      propertyPath: m_LocalEulerAnglesHint.y
      value: -68.02901
      objectReference: {fileID: 0}
    - target: {fileID: 413596, guid: 39e8becccde27ff49a98c5e6ed0a8b6b, type: 3}
      propertyPath: m_LocalEulerAnglesHint.z
      value: 0
      objectReference: {fileID: 0}
    - target: {fileID: 413596, guid: 39e8becccde27ff49a98c5e6ed0a8b6b, type: 3}
      propertyPath: m_LocalScale.x
      value: 1
      objectReference: {fileID: 0}
    - target: {fileID: 413596, guid: 39e8becccde27ff49a98c5e6ed0a8b6b, type: 3}
      propertyPath: m_LocalScale.z
      value: 1
      objectReference: {fileID: 0}
    m_RemovedComponents: []
  m_SourcePrefab: {fileID: 100100000, guid: 39e8becccde27ff49a98c5e6ed0a8b6b, type: 3}
--- !u!4 &6156508037449153296 stripped
Transform:
  m_CorrespondingSourceObject: {fileID: 413596, guid: 39e8becccde27ff49a98c5e6ed0a8b6b,
    type: 3}
  m_PrefabInstance: {fileID: 6156508037448742028}
  m_PrefabAsset: {fileID: 0}
--- !u!1001 &6156508038386003674
PrefabInstance:
  m_ObjectHideFlags: 0
  serializedVersion: 2
  m_Modification:
    m_TransformParent: {fileID: 2633438670508556813}
    m_Modifications:
    - target: {fileID: 190236, guid: e08677c1b49c5424dbd5bb2c10a2b4b1, type: 3}
      propertyPath: m_Name
      value: SM_Env_Hill_Cascade_01
      objectReference: {fileID: 0}
    - target: {fileID: 462416, guid: e08677c1b49c5424dbd5bb2c10a2b4b1, type: 3}
      propertyPath: m_LocalPosition.x
      value: 1.7
      objectReference: {fileID: 0}
    - target: {fileID: 462416, guid: e08677c1b49c5424dbd5bb2c10a2b4b1, type: 3}
      propertyPath: m_LocalPosition.y
      value: 0
      objectReference: {fileID: 0}
    - target: {fileID: 462416, guid: e08677c1b49c5424dbd5bb2c10a2b4b1, type: 3}
      propertyPath: m_LocalPosition.z
      value: 21.4
      objectReference: {fileID: 0}
    - target: {fileID: 462416, guid: e08677c1b49c5424dbd5bb2c10a2b4b1, type: 3}
      propertyPath: m_LocalRotation.x
      value: -0
      objectReference: {fileID: 0}
    - target: {fileID: 462416, guid: e08677c1b49c5424dbd5bb2c10a2b4b1, type: 3}
      propertyPath: m_LocalRotation.y
      value: 1
      objectReference: {fileID: 0}
    - target: {fileID: 462416, guid: e08677c1b49c5424dbd5bb2c10a2b4b1, type: 3}
      propertyPath: m_LocalRotation.z
      value: -0
      objectReference: {fileID: 0}
    - target: {fileID: 462416, guid: e08677c1b49c5424dbd5bb2c10a2b4b1, type: 3}
      propertyPath: m_LocalRotation.w
      value: 0
      objectReference: {fileID: 0}
    - target: {fileID: 462416, guid: e08677c1b49c5424dbd5bb2c10a2b4b1, type: 3}
      propertyPath: m_RootOrder
      value: 4
      objectReference: {fileID: 0}
    - target: {fileID: 462416, guid: e08677c1b49c5424dbd5bb2c10a2b4b1, type: 3}
      propertyPath: m_LocalEulerAnglesHint.x
      value: 0
      objectReference: {fileID: 0}
    - target: {fileID: 462416, guid: e08677c1b49c5424dbd5bb2c10a2b4b1, type: 3}
      propertyPath: m_LocalEulerAnglesHint.y
      value: 180
      objectReference: {fileID: 0}
    - target: {fileID: 462416, guid: e08677c1b49c5424dbd5bb2c10a2b4b1, type: 3}
      propertyPath: m_LocalEulerAnglesHint.z
      value: 0
      objectReference: {fileID: 0}
    m_RemovedComponents: []
  m_SourcePrefab: {fileID: 100100000, guid: e08677c1b49c5424dbd5bb2c10a2b4b1, type: 3}
--- !u!4 &6156508038385803402 stripped
Transform:
  m_CorrespondingSourceObject: {fileID: 462416, guid: e08677c1b49c5424dbd5bb2c10a2b4b1,
    type: 3}
  m_PrefabInstance: {fileID: 6156508038386003674}
  m_PrefabAsset: {fileID: 0}
--- !u!1001 &6156508038524021124
PrefabInstance:
  m_ObjectHideFlags: 0
  serializedVersion: 2
  m_Modification:
    m_TransformParent: {fileID: 2633438670508556813}
    m_Modifications:
    - target: {fileID: 110288, guid: 5a4e7db6b5d138a48ac28d3c085acb34, type: 3}
      propertyPath: m_Name
      value: SM_Env_Tree_04
      objectReference: {fileID: 0}
    - target: {fileID: 486844, guid: 5a4e7db6b5d138a48ac28d3c085acb34, type: 3}
      propertyPath: m_LocalPosition.x
      value: 0
      objectReference: {fileID: 0}
    - target: {fileID: 486844, guid: 5a4e7db6b5d138a48ac28d3c085acb34, type: 3}
      propertyPath: m_LocalPosition.y
      value: 0
      objectReference: {fileID: 0}
    - target: {fileID: 486844, guid: 5a4e7db6b5d138a48ac28d3c085acb34, type: 3}
      propertyPath: m_LocalPosition.z
      value: 14
      objectReference: {fileID: 0}
    - target: {fileID: 486844, guid: 5a4e7db6b5d138a48ac28d3c085acb34, type: 3}
      propertyPath: m_LocalRotation.x
      value: -0
      objectReference: {fileID: 0}
    - target: {fileID: 486844, guid: 5a4e7db6b5d138a48ac28d3c085acb34, type: 3}
      propertyPath: m_LocalRotation.y
      value: -0
      objectReference: {fileID: 0}
    - target: {fileID: 486844, guid: 5a4e7db6b5d138a48ac28d3c085acb34, type: 3}
      propertyPath: m_LocalRotation.z
      value: -0
      objectReference: {fileID: 0}
    - target: {fileID: 486844, guid: 5a4e7db6b5d138a48ac28d3c085acb34, type: 3}
      propertyPath: m_LocalRotation.w
      value: 1
      objectReference: {fileID: 0}
    - target: {fileID: 486844, guid: 5a4e7db6b5d138a48ac28d3c085acb34, type: 3}
      propertyPath: m_RootOrder
      value: 2
      objectReference: {fileID: 0}
    - target: {fileID: 486844, guid: 5a4e7db6b5d138a48ac28d3c085acb34, type: 3}
      propertyPath: m_LocalEulerAnglesHint.x
      value: 0
      objectReference: {fileID: 0}
    - target: {fileID: 486844, guid: 5a4e7db6b5d138a48ac28d3c085acb34, type: 3}
      propertyPath: m_LocalEulerAnglesHint.y
      value: 0
      objectReference: {fileID: 0}
    - target: {fileID: 486844, guid: 5a4e7db6b5d138a48ac28d3c085acb34, type: 3}
      propertyPath: m_LocalEulerAnglesHint.z
      value: 0
      objectReference: {fileID: 0}
    m_RemovedComponents: []
  m_SourcePrefab: {fileID: 100100000, guid: 5a4e7db6b5d138a48ac28d3c085acb34, type: 3}
--- !u!4 &6156508038523569208 stripped
Transform:
  m_CorrespondingSourceObject: {fileID: 486844, guid: 5a4e7db6b5d138a48ac28d3c085acb34,
    type: 3}
  m_PrefabInstance: {fileID: 6156508038524021124}
  m_PrefabAsset: {fileID: 0}
--- !u!1001 &6156508038715863244
PrefabInstance:
  m_ObjectHideFlags: 0
  serializedVersion: 2
  m_Modification:
    m_TransformParent: {fileID: 2633438670508556813}
    m_Modifications:
    - target: {fileID: 104350, guid: d87f80d13c8f1ac4e8d5a2a5f23d6df8, type: 3}
      propertyPath: m_Name
      value: SM_Env_Tree_01 (1)
      objectReference: {fileID: 0}
    - target: {fileID: 474414, guid: d87f80d13c8f1ac4e8d5a2a5f23d6df8, type: 3}
      propertyPath: m_LocalPosition.x
      value: -7.6
      objectReference: {fileID: 0}
    - target: {fileID: 474414, guid: d87f80d13c8f1ac4e8d5a2a5f23d6df8, type: 3}
      propertyPath: m_LocalPosition.y
      value: 0
      objectReference: {fileID: 0}
    - target: {fileID: 474414, guid: d87f80d13c8f1ac4e8d5a2a5f23d6df8, type: 3}
      propertyPath: m_LocalPosition.z
      value: -2.4
      objectReference: {fileID: 0}
    - target: {fileID: 474414, guid: d87f80d13c8f1ac4e8d5a2a5f23d6df8, type: 3}
      propertyPath: m_LocalRotation.x
      value: -0
      objectReference: {fileID: 0}
    - target: {fileID: 474414, guid: d87f80d13c8f1ac4e8d5a2a5f23d6df8, type: 3}
      propertyPath: m_LocalRotation.y
      value: -0
      objectReference: {fileID: 0}
    - target: {fileID: 474414, guid: d87f80d13c8f1ac4e8d5a2a5f23d6df8, type: 3}
      propertyPath: m_LocalRotation.z
      value: -0
      objectReference: {fileID: 0}
    - target: {fileID: 474414, guid: d87f80d13c8f1ac4e8d5a2a5f23d6df8, type: 3}
      propertyPath: m_LocalRotation.w
      value: 1
      objectReference: {fileID: 0}
    - target: {fileID: 474414, guid: d87f80d13c8f1ac4e8d5a2a5f23d6df8, type: 3}
      propertyPath: m_RootOrder
      value: 7
      objectReference: {fileID: 0}
    - target: {fileID: 474414, guid: d87f80d13c8f1ac4e8d5a2a5f23d6df8, type: 3}
      propertyPath: m_LocalEulerAnglesHint.x
      value: 0
      objectReference: {fileID: 0}
    - target: {fileID: 474414, guid: d87f80d13c8f1ac4e8d5a2a5f23d6df8, type: 3}
      propertyPath: m_LocalEulerAnglesHint.y
      value: 0
      objectReference: {fileID: 0}
    - target: {fileID: 474414, guid: d87f80d13c8f1ac4e8d5a2a5f23d6df8, type: 3}
      propertyPath: m_LocalEulerAnglesHint.z
      value: 0
      objectReference: {fileID: 0}
    m_RemovedComponents: []
  m_SourcePrefab: {fileID: 100100000, guid: d87f80d13c8f1ac4e8d5a2a5f23d6df8, type: 3}
--- !u!4 &6156508038715526626 stripped
Transform:
  m_CorrespondingSourceObject: {fileID: 474414, guid: d87f80d13c8f1ac4e8d5a2a5f23d6df8,
    type: 3}
  m_PrefabInstance: {fileID: 6156508038715863244}
  m_PrefabAsset: {fileID: 0}
--- !u!1001 &6156508038733155630
PrefabInstance:
  m_ObjectHideFlags: 0
  serializedVersion: 2
  m_Modification:
    m_TransformParent: {fileID: 2633438670508556813}
    m_Modifications:
    - target: {fileID: 160106, guid: 1675f8fe62f57654b95150d7df83d94b, type: 3}
      propertyPath: m_Name
      value: SM_Env_Tile_Grass_01
      objectReference: {fileID: 0}
    - target: {fileID: 410726, guid: 1675f8fe62f57654b95150d7df83d94b, type: 3}
      propertyPath: m_LocalPosition.x
      value: 20.8
      objectReference: {fileID: 0}
    - target: {fileID: 410726, guid: 1675f8fe62f57654b95150d7df83d94b, type: 3}
      propertyPath: m_LocalPosition.y
      value: 0
      objectReference: {fileID: 0}
    - target: {fileID: 410726, guid: 1675f8fe62f57654b95150d7df83d94b, type: 3}
      propertyPath: m_LocalPosition.z
      value: -25.33
      objectReference: {fileID: 0}
    - target: {fileID: 410726, guid: 1675f8fe62f57654b95150d7df83d94b, type: 3}
      propertyPath: m_LocalRotation.x
      value: -0
      objectReference: {fileID: 0}
    - target: {fileID: 410726, guid: 1675f8fe62f57654b95150d7df83d94b, type: 3}
      propertyPath: m_LocalRotation.y
      value: -0
      objectReference: {fileID: 0}
    - target: {fileID: 410726, guid: 1675f8fe62f57654b95150d7df83d94b, type: 3}
      propertyPath: m_LocalRotation.z
      value: -0
      objectReference: {fileID: 0}
    - target: {fileID: 410726, guid: 1675f8fe62f57654b95150d7df83d94b, type: 3}
      propertyPath: m_LocalRotation.w
      value: 1
      objectReference: {fileID: 0}
    - target: {fileID: 410726, guid: 1675f8fe62f57654b95150d7df83d94b, type: 3}
      propertyPath: m_RootOrder
      value: 6
      objectReference: {fileID: 0}
    - target: {fileID: 410726, guid: 1675f8fe62f57654b95150d7df83d94b, type: 3}
      propertyPath: m_LocalEulerAnglesHint.x
      value: 0
      objectReference: {fileID: 0}
    - target: {fileID: 410726, guid: 1675f8fe62f57654b95150d7df83d94b, type: 3}
      propertyPath: m_LocalEulerAnglesHint.y
      value: 0
      objectReference: {fileID: 0}
    - target: {fileID: 410726, guid: 1675f8fe62f57654b95150d7df83d94b, type: 3}
      propertyPath: m_LocalEulerAnglesHint.z
      value: 0
      objectReference: {fileID: 0}
    - target: {fileID: 410726, guid: 1675f8fe62f57654b95150d7df83d94b, type: 3}
      propertyPath: m_LocalScale.x
      value: 15
      objectReference: {fileID: 0}
    - target: {fileID: 410726, guid: 1675f8fe62f57654b95150d7df83d94b, type: 3}
      propertyPath: m_LocalScale.z
      value: 20
      objectReference: {fileID: 0}
    m_RemovedComponents: []
  m_SourcePrefab: {fileID: 100100000, guid: 1675f8fe62f57654b95150d7df83d94b, type: 3}
--- !u!4 &6156508038732745032 stripped
Transform:
  m_CorrespondingSourceObject: {fileID: 410726, guid: 1675f8fe62f57654b95150d7df83d94b,
    type: 3}
  m_PrefabInstance: {fileID: 6156508038733155630}
  m_PrefabAsset: {fileID: 0}
--- !u!1001 &6156508038741189891
PrefabInstance:
  m_ObjectHideFlags: 0
  serializedVersion: 2
  m_Modification:
    m_TransformParent: {fileID: 2633438670508556813}
    m_Modifications:
    - target: {fileID: 104350, guid: d87f80d13c8f1ac4e8d5a2a5f23d6df8, type: 3}
      propertyPath: m_Name
      value: SM_Env_Tree_01 (2)
      objectReference: {fileID: 0}
    - target: {fileID: 474414, guid: d87f80d13c8f1ac4e8d5a2a5f23d6df8, type: 3}
      propertyPath: m_LocalPosition.x
      value: 6.2
      objectReference: {fileID: 0}
    - target: {fileID: 474414, guid: d87f80d13c8f1ac4e8d5a2a5f23d6df8, type: 3}
      propertyPath: m_LocalPosition.y
      value: 0
      objectReference: {fileID: 0}
    - target: {fileID: 474414, guid: d87f80d13c8f1ac4e8d5a2a5f23d6df8, type: 3}
      propertyPath: m_LocalPosition.z
      value: -14.8
      objectReference: {fileID: 0}
    - target: {fileID: 474414, guid: d87f80d13c8f1ac4e8d5a2a5f23d6df8, type: 3}
      propertyPath: m_LocalRotation.x
      value: -0
      objectReference: {fileID: 0}
    - target: {fileID: 474414, guid: d87f80d13c8f1ac4e8d5a2a5f23d6df8, type: 3}
      propertyPath: m_LocalRotation.y
      value: -0
      objectReference: {fileID: 0}
    - target: {fileID: 474414, guid: d87f80d13c8f1ac4e8d5a2a5f23d6df8, type: 3}
      propertyPath: m_LocalRotation.z
      value: -0
      objectReference: {fileID: 0}
    - target: {fileID: 474414, guid: d87f80d13c8f1ac4e8d5a2a5f23d6df8, type: 3}
      propertyPath: m_LocalRotation.w
      value: 1
      objectReference: {fileID: 0}
    - target: {fileID: 474414, guid: d87f80d13c8f1ac4e8d5a2a5f23d6df8, type: 3}
      propertyPath: m_RootOrder
      value: 8
      objectReference: {fileID: 0}
    - target: {fileID: 474414, guid: d87f80d13c8f1ac4e8d5a2a5f23d6df8, type: 3}
      propertyPath: m_LocalEulerAnglesHint.x
      value: 0
      objectReference: {fileID: 0}
    - target: {fileID: 474414, guid: d87f80d13c8f1ac4e8d5a2a5f23d6df8, type: 3}
      propertyPath: m_LocalEulerAnglesHint.y
      value: 0
      objectReference: {fileID: 0}
    - target: {fileID: 474414, guid: d87f80d13c8f1ac4e8d5a2a5f23d6df8, type: 3}
      propertyPath: m_LocalEulerAnglesHint.z
      value: 0
      objectReference: {fileID: 0}
    m_RemovedComponents: []
  m_SourcePrefab: {fileID: 100100000, guid: d87f80d13c8f1ac4e8d5a2a5f23d6df8, type: 3}
--- !u!4 &6156508038741514285 stripped
Transform:
  m_CorrespondingSourceObject: {fileID: 474414, guid: d87f80d13c8f1ac4e8d5a2a5f23d6df8,
    type: 3}
  m_PrefabInstance: {fileID: 6156508038741189891}
  m_PrefabAsset: {fileID: 0}
--- !u!1001 &6156508038872982428
PrefabInstance:
  m_ObjectHideFlags: 0
  serializedVersion: 2
  m_Modification:
    m_TransformParent: {fileID: 2633438670508556813}
    m_Modifications:
    - target: {fileID: 104350, guid: d87f80d13c8f1ac4e8d5a2a5f23d6df8, type: 3}
      propertyPath: m_Name
      value: SM_Env_Tree_01
      objectReference: {fileID: 0}
    - target: {fileID: 474414, guid: d87f80d13c8f1ac4e8d5a2a5f23d6df8, type: 3}
      propertyPath: m_LocalPosition.x
      value: 3.4293985
      objectReference: {fileID: 0}
    - target: {fileID: 474414, guid: d87f80d13c8f1ac4e8d5a2a5f23d6df8, type: 3}
      propertyPath: m_LocalPosition.y
      value: 0
      objectReference: {fileID: 0}
    - target: {fileID: 474414, guid: d87f80d13c8f1ac4e8d5a2a5f23d6df8, type: 3}
      propertyPath: m_LocalPosition.z
      value: -2.4
      objectReference: {fileID: 0}
    - target: {fileID: 474414, guid: d87f80d13c8f1ac4e8d5a2a5f23d6df8, type: 3}
      propertyPath: m_LocalRotation.x
      value: -0
      objectReference: {fileID: 0}
    - target: {fileID: 474414, guid: d87f80d13c8f1ac4e8d5a2a5f23d6df8, type: 3}
      propertyPath: m_LocalRotation.y
      value: -0
      objectReference: {fileID: 0}
    - target: {fileID: 474414, guid: d87f80d13c8f1ac4e8d5a2a5f23d6df8, type: 3}
      propertyPath: m_LocalRotation.z
      value: -0
      objectReference: {fileID: 0}
    - target: {fileID: 474414, guid: d87f80d13c8f1ac4e8d5a2a5f23d6df8, type: 3}
      propertyPath: m_LocalRotation.w
      value: 1
      objectReference: {fileID: 0}
    - target: {fileID: 474414, guid: d87f80d13c8f1ac4e8d5a2a5f23d6df8, type: 3}
      propertyPath: m_RootOrder
      value: 3
      objectReference: {fileID: 0}
    - target: {fileID: 474414, guid: d87f80d13c8f1ac4e8d5a2a5f23d6df8, type: 3}
      propertyPath: m_LocalEulerAnglesHint.x
      value: 0
      objectReference: {fileID: 0}
    - target: {fileID: 474414, guid: d87f80d13c8f1ac4e8d5a2a5f23d6df8, type: 3}
      propertyPath: m_LocalEulerAnglesHint.y
      value: 0
      objectReference: {fileID: 0}
    - target: {fileID: 474414, guid: d87f80d13c8f1ac4e8d5a2a5f23d6df8, type: 3}
      propertyPath: m_LocalEulerAnglesHint.z
      value: 0
      objectReference: {fileID: 0}
    m_RemovedComponents: []
  m_SourcePrefab: {fileID: 100100000, guid: d87f80d13c8f1ac4e8d5a2a5f23d6df8, type: 3}
--- !u!4 &6156508038872915634 stripped
Transform:
  m_CorrespondingSourceObject: {fileID: 474414, guid: d87f80d13c8f1ac4e8d5a2a5f23d6df8,
    type: 3}
  m_PrefabInstance: {fileID: 6156508038872982428}
  m_PrefabAsset: {fileID: 0}
--- !u!1001 &6156508038957413789
PrefabInstance:
  m_ObjectHideFlags: 0
  serializedVersion: 2
  m_Modification:
    m_TransformParent: {fileID: 2633438670508556813}
    m_Modifications:
    - target: {fileID: 101692, guid: 7fcb882b6013d7c49b689178d3be0317, type: 3}
      propertyPath: m_Name
      value: SM_Env_Hill_Cascade_03
      objectReference: {fileID: 0}
    - target: {fileID: 416698, guid: 7fcb882b6013d7c49b689178d3be0317, type: 3}
      propertyPath: m_LocalPosition.x
      value: -6.8
      objectReference: {fileID: 0}
    - target: {fileID: 416698, guid: 7fcb882b6013d7c49b689178d3be0317, type: 3}
      propertyPath: m_LocalPosition.y
      value: 0
      objectReference: {fileID: 0}
    - target: {fileID: 416698, guid: 7fcb882b6013d7c49b689178d3be0317, type: 3}
      propertyPath: m_LocalPosition.z
      value: 32.2
      objectReference: {fileID: 0}
    - target: {fileID: 416698, guid: 7fcb882b6013d7c49b689178d3be0317, type: 3}
      propertyPath: m_LocalRotation.x
      value: -0
      objectReference: {fileID: 0}
    - target: {fileID: 416698, guid: 7fcb882b6013d7c49b689178d3be0317, type: 3}
      propertyPath: m_LocalRotation.y
      value: 1
      objectReference: {fileID: 0}
    - target: {fileID: 416698, guid: 7fcb882b6013d7c49b689178d3be0317, type: 3}
      propertyPath: m_LocalRotation.z
      value: -0
      objectReference: {fileID: 0}
    - target: {fileID: 416698, guid: 7fcb882b6013d7c49b689178d3be0317, type: 3}
      propertyPath: m_LocalRotation.w
      value: 0
      objectReference: {fileID: 0}
    - target: {fileID: 416698, guid: 7fcb882b6013d7c49b689178d3be0317, type: 3}
      propertyPath: m_RootOrder
      value: 5
      objectReference: {fileID: 0}
    - target: {fileID: 416698, guid: 7fcb882b6013d7c49b689178d3be0317, type: 3}
      propertyPath: m_LocalEulerAnglesHint.x
      value: 0
      objectReference: {fileID: 0}
    - target: {fileID: 416698, guid: 7fcb882b6013d7c49b689178d3be0317, type: 3}
      propertyPath: m_LocalEulerAnglesHint.y
      value: 180
      objectReference: {fileID: 0}
    - target: {fileID: 416698, guid: 7fcb882b6013d7c49b689178d3be0317, type: 3}
      propertyPath: m_LocalEulerAnglesHint.z
      value: 0
      objectReference: {fileID: 0}
    m_RemovedComponents: []
  m_SourcePrefab: {fileID: 100100000, guid: 7fcb882b6013d7c49b689178d3be0317, type: 3}
--- !u!4 &6156508038957297191 stripped
Transform:
  m_CorrespondingSourceObject: {fileID: 416698, guid: 7fcb882b6013d7c49b689178d3be0317,
    type: 3}
  m_PrefabInstance: {fileID: 6156508038957413789}
  m_PrefabAsset: {fileID: 0}
--- !u!1001 &6156508039289215417
PrefabInstance:
  m_ObjectHideFlags: 0
  serializedVersion: 2
  m_Modification:
    m_TransformParent: {fileID: 2633438670508556813}
    m_Modifications:
    - target: {fileID: 158954, guid: 744bd8f214e14224db7d621250dd64be, type: 3}
      propertyPath: m_Name
      value: SM_Bld_Tower_02
      objectReference: {fileID: 0}
    - target: {fileID: 470028, guid: 744bd8f214e14224db7d621250dd64be, type: 3}
      propertyPath: m_LocalPosition.x
      value: 9.9
      objectReference: {fileID: 0}
    - target: {fileID: 470028, guid: 744bd8f214e14224db7d621250dd64be, type: 3}
      propertyPath: m_LocalPosition.y
      value: 0.86147213
      objectReference: {fileID: 0}
    - target: {fileID: 470028, guid: 744bd8f214e14224db7d621250dd64be, type: 3}
      propertyPath: m_LocalPosition.z
      value: 4.9
      objectReference: {fileID: 0}
    - target: {fileID: 470028, guid: 744bd8f214e14224db7d621250dd64be, type: 3}
      propertyPath: m_LocalRotation.x
      value: -0
      objectReference: {fileID: 0}
    - target: {fileID: 470028, guid: 744bd8f214e14224db7d621250dd64be, type: 3}
      propertyPath: m_LocalRotation.y
      value: 0.51905537
      objectReference: {fileID: 0}
    - target: {fileID: 470028, guid: 744bd8f214e14224db7d621250dd64be, type: 3}
      propertyPath: m_LocalRotation.z
      value: -0
      objectReference: {fileID: 0}
    - target: {fileID: 470028, guid: 744bd8f214e14224db7d621250dd64be, type: 3}
      propertyPath: m_LocalRotation.w
      value: 0.8547407
      objectReference: {fileID: 0}
    - target: {fileID: 470028, guid: 744bd8f214e14224db7d621250dd64be, type: 3}
      propertyPath: m_RootOrder
      value: 1
      objectReference: {fileID: 0}
    - target: {fileID: 470028, guid: 744bd8f214e14224db7d621250dd64be, type: 3}
      propertyPath: m_LocalEulerAnglesHint.x
      value: 0
      objectReference: {fileID: 0}
    - target: {fileID: 470028, guid: 744bd8f214e14224db7d621250dd64be, type: 3}
      propertyPath: m_LocalEulerAnglesHint.y
      value: 62.538002
      objectReference: {fileID: 0}
    - target: {fileID: 470028, guid: 744bd8f214e14224db7d621250dd64be, type: 3}
      propertyPath: m_LocalEulerAnglesHint.z
      value: 0
      objectReference: {fileID: 0}
    - target: {fileID: 470028, guid: 744bd8f214e14224db7d621250dd64be, type: 3}
      propertyPath: m_LocalScale.x
      value: 1
      objectReference: {fileID: 0}
    - target: {fileID: 470028, guid: 744bd8f214e14224db7d621250dd64be, type: 3}
      propertyPath: m_LocalScale.z
      value: 1
      objectReference: {fileID: 0}
    m_RemovedComponents: []
  m_SourcePrefab: {fileID: 100100000, guid: 744bd8f214e14224db7d621250dd64be, type: 3}
--- !u!4 &6156508039289288117 stripped
Transform:
  m_CorrespondingSourceObject: {fileID: 470028, guid: 744bd8f214e14224db7d621250dd64be,
    type: 3}
  m_PrefabInstance: {fileID: 6156508039289215417}
  m_PrefabAsset: {fileID: 0}
